% You can generate BibTeX-style bibliography entries from e.g Google Scholar (Cite -> BibTeX)



@misc{Beginnersguide,
author = "Tom McFarlin",
title={"The Beginnerâ€™s Guide to Unit Testing: What Is Unit Testing?"},
year = "2012",
howpublished={\url{http://code.tutsplus.com/articles/the-beginners-guide-to-unit-testing-what-is-unit-testing--wp-25728}},
note = "[Online; accessed 17-March-2016]"
}

@misc{UseTest,
author = "N. P.",
title={"Usability testing"},
howpublished={\url{http://www.usability.gov/how-to-and-tools/methods/usability-testing.html}},
note = "[Online; accessed 20-March-2016]"
}

@misc{UseTest2,
author = "N. P.",
title={"Usability testing"},
howpublished={\url{http://www.usabilityfirst.com/usability-methods/usability-testing/}},
note = "[Online; accessed 25-May-2016]"
}

@misc{AgileAlliance,
author = "N. P.", 
title = "{Unit Testing}",
year = "2011",
howpublished = {\url{https://web.archive.org/web/20120429172731/http://guide.agilealliance.org/guide/unittest.html}},
note = "[Online; accessed 20-May.2016]"
}

@misc{GUItestMeth,
author = "Ellis Horowitz and Zafar Singhera",
title={"A Graphical User Interface Testing Methodology"},
howpublished={\url{http://www.cs.usc.edu/assets/004/83254.pdf}},
note = "[Online; accessed 25-March-2016]"
}

@misc{IntegrationTest,
author = "N.P.",
title={"What is Integration testing?"},
howpublished={\url{http://istqbexamcertification.com/what-is-integration-testing/}},
note = "[Online; accessed 17-March-2016]"
}
@misc{SystemTest,
author = "N.P.",
title={"System Testing: What? Why? \& How?"},
howpublished={\url{http://www.softwaretestingclass.com/system-testing-what-why-how/}},
note = "[Online; accessed 16-March-2016]"
}
@misc{SystemTest2,
author = "N.P.",
title={"What is system testing"},
howpublished={\url{http://www.guru99.com/system-testing.html}},
note = "[Online; accessed 15-March-2016]"
}

@misc{AndroidVersions,
author = "N.P.",
title={"Dashboards"},
howpublished={\url{https://developer.android.com/about/dashboards/index.html?}},
year = "2016"
note = "[Online; accessed 28-May-2016]"
}

@misc{AndroidVersionsNorge,
author = "Henrik Otgard",
title={"PLATTFORMKRIGEN Her er dataene - mobilstatistikk for mai"},
howpublished={\url{http://www.digi.no/kommentarer/2015/06/23/her-er-dataene---mobilstatistikk-for-mai-2015}},
year = "2015"
note = "[Online; accessed 28-May-2016]"
}

@misc{AndroidAPI,
author = "N.P.",
title={"Android 4.4 APIs"},
howpublished={\url{https://developer.android.com/about/versions/android-4.4.html}},
note = "[Online; accessed 28-May-2016]"
}

@misc{OFNIS,
author = "N.P.",
title={"Functional Requirements"},
howpublished={\url{http://www.ofnisystems.com/services/validation/functional-requirements/}},
note = "[Online; accessed 28-May-2016]"
}

@misc{reqtest,
author = "Ulf Erikson",
title={"Functional vs Non Functional Requirements"},
howpublished={\url{http://reqtest.com/requirements-blog/functional-vs-non-functional-requirements/}},
note = "[Online; accessed 15-March-2016]"
}






@misc{cordova2,
    author = "The Apache Software Foundation",
    title     = "Architectural overview of Cordova platform",
    howpublished={\url{https://cordova.apache.org/docs/en/latest/guide/overview/}},
    note = "[Online; accessed 28-May-2016]",
    year       = "2016"
}

@misc{mvw,
    author = "Igor Minar",
    title     = "MVC vs MVVM vs MVP",
    howpublished={\url{https://plus.google.com/+AngularJS/posts/aZNVhj355G2}},
    note = "[Online; accessed 28-May-2016]",
    year       = "2016"
}

@misc{mvvm,
    author = "Microsocft",
    title     = "The MVVM Pattern",
    howpublished={\url{https://msdn.microsoft.com/en-us/library/hh848246.aspx}},
    note = "[Online; accessed 28-May-2016]",
    year       = "2012"
}



@misc{mvc,
  title={A description of the model-view-controller user interface paradigm in the smalltalk-80 system},
  author={Krasner, Glenn E and Pope, Stephen T and others},
  journal={Journal of object oriented programming},
  volume={1},
  howpublished={\url{http://www.create.ucsb.edu/~stp/PostScript/mvc.pdf}},
  number={3},
  pages={26--49},
  year={1988}
}

@misc{wikipedia,
author = "J. Wales and L. Sanger",
title = "{Wikipedia}, the free encyclopedia",
year = "2016",
howpublished={\url{https://www.wikipedia.org}},
note = "[Online; accessed 17-March-2016]"
}


@misc{smlondon,
author = "N.P.", 
title = "{Science Museum in London}",
year = "2016",
howpublished = {\url{http://www.sciencemuseum.org.uk}},
note = "[Online; accessed 15-May-2016]"
}

@misc{smlondon1,
author = "N.P.", 
title = "{Science Museum in London: Fiducial Voice Beacons}",
year = "2016",
howpublished = {\url{http://www.sciencemuseum.org.uk/online_science/apps/fiducial-voice-beacons}},
note = "[Online; accessed 15-May-2016]"
}

@misc{smlondon2,
author = "N.P.", 
title = "{Science Museum in London: Rugged Rovers}",
year = "2016",
howpublished = {\url{http://www.sciencemuseum.org.uk/online_science/apps/rugged-rovers}},
note = "[Online; accessed 15-May-2016]"
}

@misc{amnh,
author = "N.P.", 
title = "{American Museum of Natural History}",
year = "2016",
howpublished = {\url{http://www.amnh.org}},
note = "[Online; accessed 15-May-2016]"
}

@misc{amnh1,
author = "N.P.", 
title = "{American Museum of Natural History: Explorer}",
year = "2016",
howpublished = {\url{http://www.amnh.org/apps/explorer}},
note = "[Online; accessed 15-May-2016]"
}

@misc{virtualreality,
author = "N.P.", 
title = "{What is Virtual Reality?}",
year = "2016",
howpublished = {\url{http://www.vrs.org.uk/virtual-reality/what-is-virtual-reality.html}},
note = "[Online; accessed 28-May-2016]"
}

@misc{whatisbeacon1,
author = "N.P.", 
title = "{Beacons: Everything you need to know.}",
year = "2016",
howpublished = {\url{http://www.pointrlabs.com/blog/beacons-everything-you-need-to-know/}},
note = "[Online; accessed 16-May-2016]"
}

@misc{whatisbeacon2,
author = "N.P.", 
title = "{Understanding the different types of BLE Beacons}",
year = "2015",
howpublished = {\url{https://developer.mbed.org/blog/entry/BLE-Beacons-URIBeacon-AltBeacons-iBeacon/}},
note = "[Online; accessed 16-May-2016]"
}

@misc{ios1,
author = "N.P.", 
title = "{Start developing iOS Apps}",
year = "2015",
howpublished = {\url{https://developer.apple.com/library/ios/referencelibrary/GettingStarted/DevelopiOSAppsSwift/index.html?utm_source=statuscode&utm_medium=email}},
note = "[Online; accessed 16-May-2016]"
}

@misc{ios2,
author = "N.P.", 
title = "{About Objective-C}",
year = "2014",
howpublished = {\url{https://developer.apple.com/library/mac/documentation/Cocoa/Conceptual/ProgrammingWithObjectiveC/Introduction/Introduction.html}},
note = "[Online; accessed 16-May-2016]"
}

@misc{ios3,
author = "N.P.", 
title = "{About Swift}",
year = "2016",
howpublished = {\url{https://developer.apple.com/library/ios/documentation/Swift/Conceptual/Swift_Programming_Language/}},
note = "[Online; accessed 16-May-2016]"
}

@misc{android1,
author = "Sims, Gary", 
title = "{I want to develop Android Apps - What languages should I learn?}",
year = "2016",
howpublished = {\url{http://www.androidauthority.com/want-develop-android-apps-languages-learn-391008/}},
note = "[Online; accessed 16-May-2016]"
}

@misc{xamarin,
author = "N.P.", 
title = "{Xamarin platform}",
year = "2016",
howpublished = {\url{https://www.xamarin.com/platform}},
note = "[Online; accessed 16-May-2016]"
}

@misc{googlevr,
author = "N.P.", 
title = "{Welcome to VR at Google}",
year = "2016",
howpublished = {\url{https://developers.google.com/vr/}},
note = "[Online; accessed 16-May-2016]"
}

@misc{daydream,
author = "N.P.", 
title = "{Daydream}",
year = "2016",
howpublished = {\url{https://vr.google.com/daydream/}},
note = "[Online; accessed 16-May-2016]"
}

@misc{designdriven1,
author = "Jacob, Henry", 
title = "{D3 and Agile}",
year = "2007",
howpublished = {\url{http://www.designdrivendevelopment.org/explore/d3agile.html}},
note = "[Online; accessed 16-May-2016]"
}

@misc{designdriven2,
author = "Jacob, Henry", 
title = "{D3: Design Games}",
year = "2007",
howpublished = {\url{http://www.designdrivendevelopment.org/explore/designgames.html}},
note = "[Online; accessed 16-May-2016]"
}

@misc{designdriven3,
author = "Jacob, Henry", 
title = "{D3: Why What How}",
year = "2007",
howpublished = {\url{http://www.designdrivendevelopment.org/explore/whywhathow.html}},
note = "[Online; accessed 16-May-2016]"
}

@misc{wbs,
author = "N.P.", 
title = "{Work Breakdown Structure and Gantt Chart}",
year = "2011",
howpublished = {\url{http://www.me.umn.edu/courses/me4054/assignments/wbsgantt.html}},
note = "[Online; accessed 16-May-2016]"
}

@misc{wbs2,
author = "N.P.", 
title = "{Work Breakdown Structure (WBS)}",
year = "2014",
howpublished = {\url{http://www.workbreakdownstructure.com}},
note = "[Online; accessed 16-May-2016]"
}

@misc{course,
author = "N.P.", 
title = "{IT2901 - Informatics Project II}",
year = "2016",
howpublished = {\url{http://www.ntnu.edu/studies/courses/IT2901#tab=omEmnet}},
note = "[Online; accessed 28-May-2016]"
}

@misc{customer,
author = "N.P.", 
title = "{Vitensenteret i Trondheim}",
year = "2016",
howpublished = {\url{http://vitensenteret.com}},
note = "[Online; accessed 28-May-2016]"
}

@misc{pp2,
author = "Cockburn, Alistar ", 
title = "{The Costs and Benefits of Pair Programming}",
year = "Unknown",
howpublished = {\url{http://collaboration.csc.ncsu.edu/laurie/Papers/XPSardinia.PDF}},
note = "[Online; accessed  10-May-2016]"
}

@misc{pp,
author = "Wells, Don", 
title = "{Pair Programming}",
year = "1997",
howpublished = {\url{http://www.extremeprogramming.org/rules/pair.html}},
note = "[Online; accessed 10-May-2016 ]"
}

@misc{wf,
author = "ISTQB EXAM CERTIFICATION", 
title = "{What is Waterfall model- advantages, disadvantages and when to use it?}",
year = " 2016",
howpublished = {\url{http://istqbexamcertification.com/what-is-waterfall-model-advantages-disadvantages-and-when-to-use-it/}},
note = "[Online; accessed 13-May-2016]"
}

@misc{agile,
author = "Rouse, Margaret ", 
title = "{sprint (software development)}",
year = "2015",
howpublished = {\url{http://searchsoftwarequality.techtarget.com/definition/Scrum-sprint}},
note = "[Online; accessed 29-May-2016 ]"
}

@misc{agilelearning,
author = "Agile Learning Labs", 
title = "{Scrum: A Breathtakingly Brief and Agile Introduction}",
year = "2015",
howpublished = {\url{http://www.agilelearninglabs.com/resources/scrum-introduction/}},
note = "[Online; accessed 29-May-2016 ]"
}

@misc{ic,
author = "N.P.", 
title = "{The Builder}",
year = "Unkown",
howpublished = {\url{http://ionic.io/products/creator/docs}},
note = "[Online; accessed 15-March-2016 ]"
}

@misc{drawio,
author = "N.P.", 
title = "{Draw.io}",
year = "Unkown",
howpublished = {\url{https://www.draw.io}},
note = "[Online; accessed 9-March-2016]"
}

@misc{ionicl,
author = "N.P.", 
title = "{Ionic Lab}",
year = "2016",
howpublished = {\url{http://lab.ionic.io}},
note = "[Online; accessed 10-March-2016 ]"
}

@misc{,
author = "", 
title = "{}",
year = "",
howpublished = {\url{}},
note = "[Online; accessed ]"
}



% OLD REFERENCES BELOW %





@misc{WikiGUIDictTest,
author = "zzz",
title={"User interface testing"},
howpublished={\url{http://www.tutorialspoint.com/software\_testing\_dictionary/use\_interface\_testing.htm}},
year="2016"
}










@misc{uidesignbasics,
author = "zzz",
title     = "User interface design basics",
howpublished={\url{http://www.usability.gov/what-and-why/user-interface-design.html}},
year       = "2016"
}

@misc{cordova,
author = "zzz",
title     = "Apache cordova overview",
howpublished={\url{https://cordova.apache.org/docs/en/5.4.0/guide/overview/}},
year       = "2016"
}

@misc{sharelatex,
author = "zzz",
title     = "Sharelatex",
howpublished={\url{https://www.sharelatex.com/}},
year       = "2016"
}

@misc{googledrive,
author = "zzz",
title     = "Google drive",
howpublished={\url{https://www.drive.google.com/}},
year       = "2016"
}

@misc{trello,
author = "zzz",
title     = "Trello",
howpublished={\url{https://en.wikipedia.org/wiki/Trello}},
year       = "2016"
}

@misc{facebook,
author = "zzz",
title     = "Facebook",
howpublished={\url{https://www.facebook.com}},
year       = "2016"
}


@misc{github,
author = "zzz",
title     = "Github",
howpublished={\url{https://github.com/}},
year       = "2016"
}


@misc{ionic,
author = "zzz",
title     = "Ionic framework",
howpublished={\url{http://ionicframework.com/}},
year       = "2016"
}

@misc{beacon,
author = "zzz",
title     = "Beacons",
howpublished={\url{http://www.webopedia.com/TERM/B/beacon.html}},
year       = "2016"
}
@misc{beacon2,
author = "zzz",
title     = "Beacons",
howpublished={\url{http://uk.businessinsider.com/beacons-and-ibeacons-create-a-new-market-2013-12?r=US&IR=T}},
year       = "2016"
}
@misc{scss,
author = "zzz",
title     = "Scss",
howpublished={\url{https://en.wikipedia.org/wiki/Sass_(stylesheet_language)}},
year       = "2016"
}

@misc{scss2,
author = "zzz",
title     = "Scss",
howpublished={\url{https://responsivedesign.is/articles/difference-between-sass-and-scss}},
year       = "2016"
}
@misc{scss3,
author = "zzz",
title     = "Scss and Ionic",
howpublished={\url{http://ionicframework.com/docs/cli/sass.html}},
year       = "2016"
}
@misc{scss4,
author = "zzz",
title     = "Scss",
howpublished={\url{http://www.mindscapehq.com/products/web-workbench/what-is-sass}},
year       = "2016"
}
@misc{nodejs,
author = "zzz",
title     = "Nodejs",
howpublished={\url{https://nodejs.org/en/}},
year       = "2016"
}

@misc{angularjs,
author = "zzz",
title     = "Angularjs",
howpublished={\url{https://en.wikipedia.org/wiki/AngularJS}},
year       = "2016"
}
@misc{angularjs2,
author = "zzz",
title     = "Angularjs",
howpublished={\url{https://docs.angularjs.org/guide/introduction}},
year       = "2016"
}


@misc{ionic2,
author = "zzz",
title     = "Ionic",
howpublished={\url{http://ionicframework.com/docs/guide/preface.html}},
year       = "2016"
}

@misc{ionic3,
author = "zzz",
title     = "Ionic",
howpublished={\url{http://ionicframework.com/docs/overview/}},
year       = "2016"
}


@misc{cordova3,
author = "zzz",
title     = "Cordova",
howpublished={\url{https://en.wikipedia.org/wiki/Apache\_Cordova}},
year       = "2016"
}

@misc{html,
author = "zzz",
title     = "HTML",
howpublished={\url{https://en.wikipedia.org/wiki/HTML}},
year       = "2016"
}

@misc{css,
author = "zzz",
title     = "CSS",
howpublished={\url{https://en.wikipedia.org/wiki/Cascading\_Style\_Sheets}},
year       = "2016"
}

@misc{js,
author = "zzz",
title     = "Javascript",
howpublished={\url{https://en.wikipedia.org/wiki/JavaScript}},
year       = "2016"
}


@misc{Ibeacon,
author = "IbeaconInsider",
title         = "{WHAT IS IBEACON? A GUIDE TO BEACONS}",
year          = "2014",
howpublished={\url{http://www.ibeacon.com/what-is-ibeacon-a-guide-to-beacons/}}
}

@misc{Eddystone,
author        = {IbeaconInsider},
title         = {"Mark up the world using beacons"},
year          = "2016",
howpublished={\url{https://developers.google.com/beacons/eddystone#full_support_for_eddystone}}
}

@misc{apache_licence,
author        = {Apache},
title         = {"Apache License"},
year          = "2016",
howpublished={\url{http://www.apache.org/licenses/LICENSE-2.0}}
}

@misc{XP_desc,
author        = {Don Wells},
title         = {"Extreme Programming: A gentle introduction"},
year          = {2013},
howpublished={\url{http://www.extremeprogramming.org/}}
}

@misc{XP_iterativedevelopment,
author        = {Don Wells},
title         = {"Iterative development"},
year          = {2013},
howpublished={\url{http://www.extremeprogramming.org/rules/iterative.html/}}
}



@misc{XP_UserStories,
author        = {Don Wells},
title         = {"User Stories"},
year          = {2013},
howpublished={\url{http://www.extremeprogramming.org/rules/userstories.html}}
}

@misc{eddystone_plugin,
author        = {Peter Metz},
title         = {"cordova-plugin-ibeacon"},
year          = "2016",
howpublished={\url{https://github.com/petermetz/cordova-plugin-ibeacon}}
}

@misc{ibeacon_plugin,
author        = {Evothings},
title         = {"Cordova/PhoneGap Eddystone Plugin"},
year          = "2016",
howpublished={\url{https://github.com/evothings/cordova-eddystone}}
}
















